<collection xmlns="http://www.loc.gov/MARC21/slim">
<record>
  <leader>01229nam0a2200265 i 450 </leader>
  <controlfield tag="001">IT\ICCU\CNCE\058011</controlfield>
  <controlfield tag="005">20160309000000.0</controlfield>
  <datafield tag="012" ind1=" " ind2=" ">
    <subfield code="a">e:o: u:u: iaa: EtDe (C) 1511 (R)</subfield>
    <subfield code="2">fei</subfield>
  </datafield>
  <datafield tag="100" ind1=" " ind2=" ">
    <subfield code="a">20040506d1511        0itac0103    ba</subfield>
  </datafield>
  <datafield tag="101" ind1=" " ind2=" ">
    <subfield code="a">ITA</subfield>
  </datafield>
  <datafield tag="102" ind1=" " ind2=" ">
    <subfield code="a">IT</subfield>
  </datafield>
  <datafield tag="200" ind1="1" ind2=" ">
    <subfield code="a">Versi morali de Marco Ciuile. Del disprecio dela presente vita &amp; studio dela futura</subfield>
  </datafield>
  <datafield tag="210" ind1=" " ind2=" ">
    <subfield code="e">Brixiae</subfield>
    <subfield code="g">per Io. Ant. Brixianum</subfield>
    <subfield code="h">1511</subfield>
  </datafield>
  <datafield tag="215" ind1=" " ind2=" ">
    <subfield code="a">\24! c.</subfield>
    <subfield code="d">8ʻ</subfield>
  </datafield>
  <datafield tag="620" ind1=" " ind2=" ">
    <subfield code="a">IT</subfield>
    <subfield code="d">Brescia</subfield>
  </datafield>
  <datafield tag="700" ind1=" " ind2="1">
    <subfield code="a">Civile,</subfield>
    <subfield code="b">Marco</subfield>
    <subfield code="3">IT\ICCU\CNCA\017658</subfield>
  </datafield>
  <datafield tag="712" ind1="0" ind2="0">
    <subfield code="a">Bresciano, Giovanni Antonio</subfield>
    <subfield code="3">IT\ICCU\CNCT\000209</subfield>
    <subfield code="4">650</subfield>
  </datafield>
  <datafield tag="791" ind1="0" ind2="0">
    <subfield code="a">Morandi, Giovanni Antonio</subfield>
    <subfield code="3">IT\ICCU\CNCT\001137</subfield>
    <subfield code="z">Bresciano, Giovanni Antonio</subfield>
  </datafield>
  <datafield tag="791" ind1="0" ind2="0">
    <subfield code="a">Gandinas, Ioannes Antonius</subfield>
    <subfield code="3">IT\ICCU\CNCT\002378</subfield>
    <subfield code="z">Bresciano, Giovanni Antonio</subfield>
  </datafield>
  <datafield tag="791" ind1="0" ind2="0">
    <subfield code="a">Cegulus, Iohannes Antonius</subfield>
    <subfield code="3">IT\ICCU\CNCT\003064</subfield>
    <subfield code="z">Bresciano, Giovanni Antonio</subfield>
  </datafield>
  <datafield tag="791" ind1="0" ind2="0">
    <subfield code="a">Gandino, Ioannes Antonius de</subfield>
    <subfield code="3">IT\ICCU\CNCT\003654</subfield>
    <subfield code="z">Bresciano, Giovanni Antonio</subfield>
  </datafield>
  <datafield tag="791" ind1="0" ind2="0">
    <subfield code="a">Brixianus, Ioannes Antonius</subfield>
    <subfield code="3">IT\ICCU\CNCT\004774</subfield>
    <subfield code="z">Bresciano, Giovanni Antonio</subfield>
  </datafield>
  <datafield tag="791" ind1="0" ind2="0">
    <subfield code="a">Morandus, Ioannes Antonius</subfield>
    <subfield code="3">IT\ICCU\CNCT\004775</subfield>
    <subfield code="z">Bresciano, Giovanni Antonio</subfield>
  </datafield>
  <datafield tag="801" ind1=" " ind2="3">
    <subfield code="a">IT</subfield>
    <subfield code="b">ICCU</subfield>
    <subfield code="c">20201115</subfield>
  </datafield>
  <datafield tag="899" ind1=" " ind2=" ">
    <subfield code="a">Biblioteca comunale Augusta. Perugia</subfield>
    <subfield code="1">PG0109</subfield>
    <subfield code="2">UM1 01</subfield>
  </datafield>
</record>
</collection>
